<record><leader>00000cas a22000007a 4500</leader><controlfield tag="001">15703469</controlfield><controlfield tag="008">870518d18781891inusr ne      0    0eng d</controlfield><datafield ind1=" " ind2=" " tag="010"><subfield code="a">sn 87056222 </subfield></datafield><datafield ind1=" " ind2=" " tag="040"><subfield code="a">NPI</subfield><subfield code="b">eng</subfield><subfield code="c">NPI</subfield><subfield code="d">OCLCQ</subfield></datafield><datafield ind1=" " ind2=" " tag="042"><subfield code="a">msc</subfield></datafield><datafield ind1="0" ind2="4" tag="245"><subfield code="a">The Corunna headlight.</subfield></datafield><datafield ind1="1" ind2="3" tag="246"><subfield code="a">Head light</subfield></datafield><datafield ind1="1" ind2="3" tag="246"><subfield code="a">Headlight</subfield></datafield><datafield ind1=" " ind2=" " tag="260"><subfield code="a">Corunna, DeKalb Co[unty], Ind. :</subfield><subfield code="b">J.C. Loveland</subfield></datafield><datafield ind1=" " ind2=" " tag="310"><subfield code="a">Semimonthly</subfield></datafield><datafield ind1="1" ind2=" " tag="362"><subfield code="a">Began in 1878; ceased in 1891?</subfield></datafield><datafield ind1=" " ind2=" " tag="500"><subfield code="a">Title page has title as: The Head light, &lt;May 30, 1885&gt;.</subfield></datafield><datafield ind1=" " ind2=" " tag="588"><subfield code="a">Description based on: Vol. 7, no. 138 (May 30, 1885); title from masthead.</subfield></datafield><datafield ind1=" " ind2=" " tag="752"><subfield code="a">United States</subfield><subfield code="b">Indiana</subfield><subfield code="c">De Kalb</subfield><subfield code="d">Corunna.</subfield></datafield></record>